@book{MaryBoas-MathofPhysics-2006,
	title={Mathematical methods in the physical sciences},
	author={Boas, Mary L},
	year={2006},
	publisher={John Wiley \& Sons}
}

@misc{AnnaYang-Dataset,
  author = {Anna Yang},
  title = {{Smart Bee Colony Monitor: Clips of Beehive Sounds}},
  howpublished = "\url{https://www.kaggle.com/datasets/annajyang/beehive-sounds}",
  year = {2023}, 
  note = "[Online; accessed 29-April-2025]"
}